@misc{libretextsTension,
  author  = {OpenStax / LibreTexts},
  title   = {Normal Force and Tension},
  year    = {2016},
  url     = {https://tinyurl.com/physlibretexts},
  note = {Sist hentet: \today}
}

@online{StringVibration2025,
  title   = {String vibration},
  author  = {{Wikipedia contributors}},
  year    = {2025},
  url     = {https://en.wikipedia.org/wiki/String_vibration},
  note = {Sist hentet: \today}
}

@misc{libretextsWave,
  author  = {Knox, Lloyd / LibreTexts},
  title   = {Solving the Wave Equation with Fourier Transforms},
  year    = {2021},
  url     = {https://phys.libretexts.org/Courses/University_of_California_Davis/Physics_156%3A_A_Cosmology_Workbook/01%3A_Workbook/1.28%3A_Solving_the_Wave_Equation_with_Fourier_Transforms?utm_source=chatgpt.com},
  note    = {Sist hentet: \today}
}
